% SFM papers
@inproceedings{schoenberger2016sfm,
    author={Sch\"{o}nberger, Johannes Lutz and Frahm, Jan-Michael},
    title={Structure-from-Motion Revisited},
    booktitle={Conference on Computer Vision and Pattern Recognition (CVPR)},
    year={2016},
}

@inproceedings{pan2024glomap,
    author={Pan, Linfei and Baráth, Dániel and Pollefeys, Marc and Sch\"{o}nberger, Johannes Lutz},
    title={Global Structure-from-Motion Revisited},
    booktitle={European Conference on Computer Vision (ECCV)},
    year={2024},
}

@inproceedings{wang2023vggsfm,
  author    = {Jianyuan Wang and Nikita Karaev and Christian Rupprecht and David Novotny},
  title     = {VGGSfM: Visual Geometry Grounded Deep Structure From Motion},
  year      = {2023}
}

@inproceedings{smith24flowmap,
      title={FlowMap: High-Quality Camera Poses, Intrinsics, and Depth via Gradient Descent},
      author={Cameron Smith and David Charatan and Ayush Tewari and Vincent Sitzmann},
      year={2024},
      booktitle={arXiv},
}

@inproceedings{brachmann2024acezero,
    title={Scene Coordinate Reconstruction: Posing of Image Collections via Incremental Learning of a Relocalizer},
    author={Brachmann, Eric and Wynn, Jamie and Chen, Shuai and Cavallari, Tommaso and Monszpart, {\'{A}}ron and Turmukhambetov, Daniyar and Prisacariu, Victor Adrian},
    booktitle={ECCV},
    year={2024},
}

@inproceedings{Chatterjee2013,
  author={Chatterjee, Avishek and Govindu, Venu Madhav},
  booktitle={2013 IEEE International Conference on Computer Vision}, 
  title={Efficient and Robust Large-Scale Rotation Averaging}, 
  year={2013},
  volume={},
  number={},
  pages={521-528},
  keywords={Robustness;Cameras;Three-dimensional displays;Vectors;Optimization;Context;structure from motion;rotation averaging;lie group;robust estimation},
  doi={10.1109/ICCV.2013.70}
}

@misc{theia-manual,
  author = {Chris Sweeney},
  title = {Theia Multiview Geometry Library: Tutorial \& Reference},
  howpublished = "\url{http://theia-sfm.org}",
}

@inproceedings{moulon2016openmvg,
  title={Open{MVG}: Open multiple view geometry},
  author={Moulon, Pierre and Monasse, Pascal and Perrot, Romuald and Marlet, Renaud},
  booktitle={International Workshop on Reproducible Research in Pattern Recognition},
  pages={60--74},
  year={2016},
  organization={Springer}
}


% Evaluation methods
@article{Jin2020,
    author={Yuhe Jin and Dmytro Mishkin and Anastasiia Mishchuk and Jiri Matas and Pascal Fua and Kwang Moo Yi and Eduard Trulls},
    title={{Image Matching across Wide Baselines: From Paper to Practice}},
    journal={International Journal of Computer Vision},
    year={2020}
} % For Camera Relative Pose Error

@inproceedings{nerfstudio,
	title        = {Nerfstudio: A Modular Framework for Neural Radiance Field Development},
	author       = {
		Tancik, Matthew and Weber, Ethan and Ng, Evonne and Li, Ruilong and Yi, Brent
		and Kerr, Justin and Wang, Terrance and Kristoffersen, Alexander and Austin,
		Jake and Salahi, Kamyar and Ahuja, Abhik and McAllister, David and Kanazawa,
		Angjoo
	},
	year         = 2023,
	booktitle    = {ACM SIGGRAPH 2023 Conference Proceedings},
	series       = {SIGGRAPH '23}
} % For Novel View Synthesis

% Datasets
@inproceedings{schoeps2017cvpr,
  author = {Thomas Sch\"ops and Johannes L. Sch\"onberger and Silvano Galliani and Torsten Sattler and Konrad Schindler and Marc Pollefeys and Andreas Geiger},
  title = {A Multi-View Stereo Benchmark with High-Resolution Images and Multi-Camera Videos},
  booktitle = {Conference on Computer Vision and Pattern Recognition (CVPR)},
  year = {2017}
}

@article{Knapitsch2017,
    author    = {Arno Knapitsch and Jaesik Park and Qian-Yi Zhou and Vladlen Koltun},
    title     = {Tanks and Temples: Benchmarking Large-Scale Scene Reconstruction},
    journal   = {ACM Transactions on Graphics},
    volume    = {36},
    number    = {4},
    year      = {2017},
}

@article{barron2022mipnerf360,
    title={Mip-NeRF 360: Unbounded Anti-Aliased Neural Radiance Fields},
    author={Jonathan T. Barron and Ben Mildenhall and 
            Dor Verbin and Pratul P. Srinivasan and Peter Hedman},
    journal={CVPR},
    year={2022}
}