% SFM papers
@inproceedings{pan2024glomap,
    author={Pan, Linfei and Baráth, Dániel and Pollefeys, Marc and Sch\"{o}nberger, Johannes Lutz},
    title={Global Structure-from-Motion Revisited},
    booktitle={European Conference on Computer Vision (ECCV)},
    year={2024},
}

@InProceedings{wang2023vggsfm,
  author    = {Jianyuan Wang and Nikita Karaev and Christian Rupprecht and David Novotny},
  title     = {VGGSfM: Visual Geometry Grounded Deep Structure From Motion},
  year      = {2023}
}

@inproceedings{smith24flowmap,
      title={FlowMap: High-Quality Camera Poses, Intrinsics, and Depth via Gradient Descent},
      author={Cameron Smith and David Charatan and Ayush Tewari and Vincent Sitzmann},
      year={2024},
      booktitle={arXiv},
}

@inproceedings{brachmann2024acezero,
    title={Scene Coordinate Reconstruction: Posing of Image Collections via Incremental Learning of a Relocalizer},
    author={Brachmann, Eric and Wynn, Jamie and Chen, Shuai and Cavallari, Tommaso and Monszpart, {\'{A}}ron and Turmukhambetov, Daniyar and Prisacariu, Victor Adrian},
    booktitle={ECCV},
    year={2024},
}

% Evaluation methods
@article{DBLP:journals/corr/WaechterBFMKG16,
  author       = {Michael Waechter and
                  Mate Beljan and
                  Simon Fuhrmann and
                  Nils Moehrle and
                  Johannes Kopf and
                  Michael Goesele},
  title        = {Virtual Rephotography: Novel View Prediction Error for 3D Reconstruction},
  journal      = {CoRR},
  volume       = {abs/1601.06950},
  year         = {2016},
  url          = {http://arxiv.org/abs/1601.06950},
  eprinttype    = {arXiv},
  eprint       = {1601.06950},
  timestamp    = {Tue, 04 Jul 2023 08:36:29 +0200},
  biburl       = {https://dblp.org/rec/journals/corr/WaechterBFMKG16.bib},
  bibsource    = {dblp computer science bibliography, https://dblp.org}
}

% Datasets
@InProceedings{Schops_2019_CVPR,
author = {Sch\"ops, Thomas and Sattler, Torsten and Pollefeys, Marc},
title = {{BAD SLAM}: Bundle Adjusted Direct {RGB-D SLAM}},
booktitle = {Conference on Computer Vision and Pattern Recognition (CVPR)},
year = {2019}
}

@article{Knapitsch2017,
    author    = {Arno Knapitsch and Jaesik Park and Qian-Yi Zhou and Vladlen Koltun},
    title     = {Tanks and Temples: Benchmarking Large-Scale Scene Reconstruction},
    journal   = {ACM Transactions on Graphics},
    volume    = {36},
    number    = {4},
    year      = {2017},
}

@article{barron2022mipnerf360,
    title={Mip-NeRF 360: Unbounded Anti-Aliased Neural Radiance Fields},
    author={Jonathan T. Barron and Ben Mildenhall and 
            Dor Verbin and Pratul P. Srinivasan and Peter Hedman},
    journal={CVPR},
    year={2022}
}